<?xml version="1.0" encoding="utf-8"?>
<record xmlns="http://www.loc.gov/MARC21/slim" xmlns:xsi="http://www.w3.org/2001/XMLSchema-instance" xsi:schemaLocation="http://www.loc.gov/MARC21/slim http://www.loc.gov/standards/marcxml/schema/MARC21slim.xsd">
	<leader>     nam a22     Mi 4500</leader>
	<controlfield tag="001">b12484878</controlfield>
	<controlfield tag="003">LeBAU</controlfield>
	<controlfield tag="006">m        d        </controlfield>
	<controlfield tag="007">cr cn |||m|||a</controlfield>
	<controlfield tag="008">200730s1929    tu      o     001 0 ara d</controlfield>
	<datafield ind1=" " ind2=" " tag="040">
		<subfield code="a">ZYU</subfield>
		<subfield code="b">ara</subfield>
		<subfield code="e">rda</subfield>
		<subfield code="c">ZYU</subfield>
	</datafield>
	<datafield ind1="0" ind2=" " tag="041">
		<subfield code="a">ara</subfield>
		<subfield code="b">ger</subfield>
	</datafield>
	<datafield ind1="0" ind2="4" tag="082">
		<subfield code="a">349.297</subfield>
		<subfield code="2">20</subfield>
	</datafield>
	<datafield ind1="1" ind2=" " tag="100">
		<subfield code="6">880-01</subfield>
		<subfield code="a">Ṭaḥāwī, Aḥmad ibn Muḥammad,</subfield>
		<subfield code="d">852?-933.</subfield>
		<subfield code="e">author.</subfield>
		<subfield code="0">https://lccn.loc.gov/n84173631 ,</subfield>
	</datafield>
	<datafield ind1="1" ind2="0" tag="240">
		<subfield code="6">880-02</subfield>
		<subfield code="a">Jāmiʻ al-kabīr fī al-shurūṭ.</subfield>
		<subfield code="k">Selections</subfield>
	</datafield>
	<datafield ind1="1" ind2="0" tag="245">
		<subfield code="6">880-03</subfield>
		<subfield code="a">Kitāb al-Shufʻah min al-Jāmiʻ al-kabīr fī al-shurūṭ /</subfield>
		<subfield code="c">li-Abī Jaʻfar Aḥmad ibn Muḥammad al-Ṭaḥāwī ; nasharahu wa-iʻtaná bi-taṣḥīḥih Yūsuf Shakht.</subfield>
	</datafield>
	<datafield ind1="3" ind2="0" tag="246">
		<subfield code="6">880-04</subfield>
		<subfield code="a">Shufʻah min al-Jāmiʻ al-kabīr fī al-shurūṭ</subfield>
	</datafield>
	<datafield ind1="1" ind2="5" tag="246">
		<subfield code="a">Šufʻa aus dem al-Gāmiʻ al-kabīr fiš-šuruṭ</subfield>
	</datafield>
	<datafield ind1=" " ind2="1" tag="264">
		<subfield code="6">880-05</subfield>
		<subfield code="a">[Istanbūl] :</subfield>
		<subfield code="b">Aḥmad Iḥsān Maṭbaʻ sī,</subfield>
		<subfield code="c">1929.</subfield>
	</datafield>
	<datafield ind1=" " ind2=" " tag="300">
		<subfield code="6">880-06</subfield>
		<subfield code="a">online resource (61, xi pages)</subfield>
	</datafield>
	<datafield ind1=" " ind2=" " tag="336">
		<subfield code="a">text</subfield>
		<subfield code="2">rdacontent</subfield>
	</datafield>
	<datafield ind1=" " ind2=" " tag="337">
		<subfield code="a">computer</subfield>
		<subfield code="2">rdamedia</subfield>
	</datafield>
	<datafield ind1=" " ind2=" " tag="338">
		<subfield code="a">online resource</subfield>
		<subfield code="2">rdacarrier</subfield>
	</datafield>
	<datafield ind1="1" ind2=" " tag="490">
		<subfield code="a">Sitzungsberichte der Heidelberger Akademie der Wissenschaften, Philosophisch-Historische Klasse ;</subfield>
		<subfield code="v">Jahrgang 1929/30, Abhandlung 5</subfield>
	</datafield>
	<datafield ind1=" " ind2=" " tag="500">
		<subfield code="a">Part of the Arabic Collections Online (ACO) project, contributed by American University of Beirut's Jafet Memorial Library.</subfield>
	</datafield>
	<datafield ind1=" " ind2=" " tag="533">
		<subfield code="a">Electronic reproduction.</subfield>
		<subfield code="b">New York, N.Y. :</subfield>
		<subfield code="c">New York University,</subfield>
		<subfield code="d">2020.</subfield>
		<subfield code="5">NNU</subfield>
	</datafield>
	<datafield ind1=" " ind2="0" tag="650">
		<subfield code="6">880-07</subfield>
		<subfield code="a">Pre-emption (Islamic law)</subfield>
	</datafield>
	<datafield ind1=" " ind2="0" tag="650">
		<subfield code="6">880-08</subfield>
		<subfield code="a">Hanafites.</subfield>
	</datafield>
	<datafield ind1="1" ind2=" " tag="700">
		<subfield code="6">880-09</subfield>
		<subfield code="a">Schacht, Joseph,</subfield>
		<subfield code="e">corrector.</subfield>
		<subfield code="d">1902-1969.</subfield>
		<subfield code="0">https://lccn.loc.gov/n82088791 ,</subfield>
	</datafield>
	<datafield ind1="1" ind2=" " tag="700">
		<subfield code="6">880-10</subfield>
		<subfield code="a">Schacht, Joseph,</subfield>
		<subfield code="e">publisher.</subfield>
		<subfield code="d">1902-1969.</subfield>
		<subfield code="0">https://lccn.loc.gov/n82088791 ,</subfield>
	</datafield>
	<datafield ind1="1" ind2=" " tag="700">
		<subfield code="6">880-11</subfield>
		<subfield code="a">Schacht, Joseph,</subfield>
		<subfield code="e">author if introduction, etc.</subfield>
		<subfield code="d">1902-1969.</subfield>
		<subfield code="0">https://lccn.loc.gov/n82088791 ,</subfield>
	</datafield>
	<datafield ind1="1" ind2=" " tag="700">
		<subfield code="a">Schubert, Hans von,</subfield>
		<subfield code="d">1859-1931.</subfield>
		<subfield code="0">https://lccn.loc.gov/no93024202 ,</subfield>
		<subfield code="e">author of introduction, etc.</subfield>
	</datafield>
	<datafield ind1="2" ind2=" " tag="710">
		<subfield code="a">Jafet Memorial Library.</subfield>
	</datafield>
	<datafield ind1="0" ind2=" " tag="730">
		<subfield code="a">Arabic Collections Online.</subfield>
	</datafield>
	<datafield ind1="0" ind2="8" tag="776">
		<subfield code="i">Print version:</subfield>
		<subfield code="a">Ṭaḥāwī, Aḥmad ibn Muḥammad, 852?-933. author. https://lccn.loc.gov/n84173631 ,</subfield>
		<subfield code="t">Kitāb al-Shufʻah min al-Jāmiʻ al-kabīr fī al-shurūṭ</subfield>
		<subfield code="w">(LeBAU)b12484878</subfield>
	</datafield>
	<datafield ind1=" " ind2="0" tag="830">
		<subfield code="a">Sitzungsberichte der Heidelberger Akademie der Wissenschaften, Philosophisch-Historische Klasse ;</subfield>
		<subfield code="v">Jahrgang 1929/30, Abhandlung 5.</subfield>
	</datafield>
	<datafield ind1="4" ind2="0" tag="856">
		<subfield code="u">http://hdl.handle.net/2333.1/x3ffbs4q</subfield>
	</datafield>
	<datafield ind1="1" ind2=" " tag="880">
		<subfield code="6">100-01</subfield>
		<subfield code="a">الطحاوي، ابو جعفر احمد بن محمد،</subfield>
		<subfield code="d">853-933،</subfield>
		<subfield code="0">https://lccn.loc.gov/n84173631 ,</subfield>
		<subfield code="e">مؤلف.</subfield>
		<subfield code="4">aut.</subfield>
	</datafield>
	<datafield ind1="1" ind2="0" tag="880">
		<subfield code="6">240-02</subfield>
		<subfield code="a">الجامع الكبير في الشروط.</subfield>
		<subfield code="k">مختارات</subfield>
	</datafield>
	<datafield ind1="1" ind2="0" tag="880">
		<subfield code="6">245-03</subfield>
		<subfield code="a">كتاب الشفعة من الجامع الكبير في الشروط /</subfield>
		<subfield code="c">لأبي جعفر احمد بن محمد الطحاوى ؛ نشره واعتنى بتصحيحه يوسف شخت.</subfield>
	</datafield>
	<datafield ind1="3" ind2="0" tag="880">
		<subfield code="6">246-04</subfield>
		<subfield code="a">الشفعة من الجامع الكبير في الشروط</subfield>
	</datafield>
	<datafield ind1=" " ind2="1" tag="880">
		<subfield code="6">264-05</subfield>
		<subfield code="a">[اسطنبول] :</subfield>
		<subfield code="b">احمد احسان مطبع سي،</subfield>
		<subfield code="c">1929.</subfield>
	</datafield>
	<datafield ind1=" " ind2=" " tag="880">
		<subfield code="6">300-06</subfield>
		<subfield code="a">61، xi صفحة ؛</subfield>
		<subfield code="c">25 سم.</subfield>
	</datafield>
	<datafield ind1=" " ind2=" " tag="880">
		<subfield code="6">500-00</subfield>
		<subfield code="a">&quot;Das kitāb as-šufʻa aus dem al-Gāmiʻ al-kabīr fiš-šuruṭ  / des abū Ga‘far Aḥmad ibn Muḥammad at-Taḥāwī ; herausgegeben von Joseph Schacht, aus Freiburg, Eingegangen am 30. Mai 1928 ; vorgelegt von Hans von Schubert. Heidelberg : Carl Winter's Universitätsbuchhandlung, 1930&quot;--صفحة عنوان اضافية.</subfield>
	</datafield>
	<datafield ind1=" " ind2=" " tag="880">
		<subfield code="6">500-00</subfield>
		<subfield code="a">يتضمن كشاف.</subfield>
	</datafield>
	<datafield ind1=" " ind2=" " tag="880">
		<subfield code="6">546-00</subfield>
		<subfield code="a">النص بالعربية؛ مع مقدمتين بالألمانية.</subfield>
	</datafield>
	<datafield ind1=" " ind2="4" tag="880">
		<subfield code="6">650-07</subfield>
		<subfield code="a">الشفعة (الفقه الاسلامي)</subfield>
	</datafield>
	<datafield ind1=" " ind2="4" tag="880">
		<subfield code="6">650-08</subfield>
		<subfield code="a">المذهب الحنفي.</subfield>
	</datafield>
	<datafield ind1="1" ind2=" " tag="880">
		<subfield code="6">700-09</subfield>
		<subfield code="a">شخت، جوزف،</subfield>
		<subfield code="d">1902-1969.</subfield>
		<subfield code="0">https://lccn.loc.gov/n82088791 ,</subfield>
		<subfield code="e">مصحح.</subfield>
		<subfield code="4">crr.</subfield>
	</datafield>
	<datafield ind1="1" ind2=" " tag="880">
		<subfield code="6">700-10</subfield>
		<subfield code="a">شخت، جوزف،</subfield>
		<subfield code="d">1902-1969.</subfield>
		<subfield code="0">https://lccn.loc.gov/n82088791 ,</subfield>
		<subfield code="e">ناشر.</subfield>
		<subfield code="4">pbl.</subfield>
	</datafield>
	<datafield ind1="1" ind2=" " tag="880">
		<subfield code="6">700-11</subfield>
		<subfield code="a">شخت، جوزف،</subfield>
		<subfield code="d">1902-1969.</subfield>
		<subfield code="0">https://lccn.loc.gov/n82088791 ,</subfield>
		<subfield code="e">مؤلف مقدمة.</subfield>
		<subfield code="4">aui.</subfield>
	</datafield>
	<datafield ind1=" " ind2=" " tag="959">
		<subfield code="a">NNU</subfield>
		<subfield code="b">WEB</subfield>
		<subfield code="c">GENI</subfield>
		<subfield code="t">0</subfield>
		<subfield code="m">Electronic access</subfield>
		<subfield code="s">01</subfield>
	</datafield>
	<datafield ind1=" " ind2=" " tag="999">
		<subfield code="i">LeBAU_b12484878</subfield>
		<subfield code="s">aub_aco003917:</subfield>
		<subfield code="e">(ERROR-880)(ERROR-MISC)</subfield>
		<subfield code="s">aub_aco003917:</subfield>
	</datafield>
</record>
